@article{hensen1999comparison,
  title={A comparison of coupled and de-coupled solutions for temperature and air flow in a building},
  author={Hensen, Jan LM},
  journal={ASHRAE transactions},
  volume={105},
  number={2},
  pages={962--969},
  year={1999},
  publisher={American Society of Heating, Refrigeration and Air Conditioning Engineers, Inc.}
}

@article{zhai2005performance,
  title={Performance of coupled building energy and CFD simulations},
  author={Zhai, Zhiqiang John and Chen, Qingyan Yan},
  journal={Energy and buildings},
  volume={37},
  number={4},
  pages={333--344},
  year={2005},
  publisher={Elsevier}
}

@inproceedings{trcka2007comparison,
  title={Comparison of co-simulation approaches for building and HVAC/R system simulation},
  author={Trcka, Marija and Wetter, Michael and Hensen, Jan},
  booktitle={Proceedings of the International IBPSA Conference, Beijing, China},
  year={2007}
}